

@techreport{stau,
  author = {{INRIX}},
  institution = {{INRIX}},
  url = {https://inrix.com/press-releases/2019-traffic-scorecard-us/},
  title = {{Congestion Costs Each American Nearly 100 hours, \$1,400 A Year}},
  year = {2020},
  month = {03},
  note = {\url{https://inrix.com/press-releases/2019-traffic-scorecard-us/}},
}


@inproceedings{sumo,
  title     = {Microscopic Traffic Simulation using {SUMO}},
  author    = {Pablo Alvarez Lopez and Michael Behrisch and Laura Bieker-Walz and Jakob Erdmann and Yun-Pang Fl{\"o}tter{\"o}d and Robert Hilbrich and Leonhard L{\"u}cken and Johannes Rummel and Peter Wagner and Evamarie Wie{\ss}ner},
  publisher = {IEEE},
  booktitle = {The 21st IEEE Int. Conf. on Intelligent Transportation Systems},
  year      = {2018},
  journal   = {IEEE Intelligent Transportation Systems Conference (ITSC)},
  keywords  = {traffic simulation, modelling, optimization},
  url       = {https://elib.dlr.de/124092/},
}

